@book{norton1999design,
	title={Design of machinery: an introduction to the synthesis
		and analysis of mechanisms and machines},
	author={Norton, Robert L},
	volume={924},
	year={1999},
	publisher={McGraw-Hill Boston}
}
@article{masas,
	title={Relationship Between Physical Properties of Dough
		and Expansion Ability During Bread-Making},
	author={Hideki KAWAI and Fumitake TANAKA and
		Hiroshi TAKAHASHI and Naoto HASHIMOTO and Hiroaki YAMAUCHI},
	journal={Food Science and Technology Research},
	volume={12},
	number={2},
	pages={91-95},
	year={2006},
	doi={10.3136/fstr.12.91}
}