@book{serway,
  title={Physics for scientists and engineers with modern physics},
  author={Serway, Raymond A and Jewett, John W},
  year={2018},
  publisher={Cengage learning}
}

@article{kawai,
  title={Relationship between physical properties of dough and expansion ability during bread-making},
  author={Kawai, Hideki and TANAKA, Fumitake and Takahashi, Hiroshi and Hashimoto, Naoto and Yamauchi, Hiroaki},
  journal={Food science and technology research},
  volume={12},
  number={2},
  pages={91--95},
  year={2006},
  publisher={Japanese Society for Food Science and Technology}
}